<?xml version="1.0" encoding="UTF-8"?><record xmlns="http://www.loc.gov/MARC21/slim" xmlns:cinclude="http://apache.org/cocoon/include/1.0" xmlns:zs="http://www.loc.gov/zing/srw/">
  <leader>00460cz  a2200145n  4500</leader>
  <controlfield tag="001">n  88277589 </controlfield>
  <controlfield tag="003">DLC</controlfield>
  <controlfield tag="005">19891208054619.7</controlfield>
  <controlfield tag="008">891031n| acannaab|          |n aaa |||  </controlfield>
  <datafield tag="010" ind1=" " ind2=" ">
    <subfield code="a">n  88277589 </subfield>
  </datafield>
  <datafield tag="040" ind1=" " ind2=" ">
    <subfield code="a">DLC</subfield>
    <subfield code="c">DLC</subfield>
  </datafield>
  <datafield tag="100" ind1="1" ind2="0">
    <subfield code="a">Cadzow, Donald A.</subfield>
  </datafield>
  <datafield tag="670" ind1=" " ind2=" ">
    <subfield code="a">NUCMC data from Pa. Hist. and Museum Comm. for Duss, J. S. Papers, 1882-1951</subfield>
    <subfield code="b">(Donald A. Cadzow)</subfield>
  </datafield>
  <datafield tag="670" ind1=" " ind2=" ">
    <subfield code="a">LC man. auth. cd.</subfield>
    <subfield code="b">(hdg.: Cadzow, Donald A.)</subfield>
  </datafield>
  <datafield tag="670" ind1=" " ind2=" ">
    <subfield code="a">NUCMC files</subfield>
    <subfield code="b">(Cadzow, Donald A.)</subfield>
  </datafield>
</record>